@Misc{SLACOB,
  author = {SLAC IT},
  title = "{SLAC On boarding checklist}",
  year = {2024},
  month =        may,
publisher = {SLAC Information Technology},
   url =    {https://it.slac.stanford.edu/sites/default/files/2024-05/SLACITOnboardingChecklist052824.pdf},
}

@Misc{SLACNH,
  author = {SLAC IT},
  title = "{SLAC New Hire IT Orientation}",
  year = {2024},
  month =        may,
publisher = {SLAC Information Technology},
   url =    {https://it.slac.stanford.edu/sites/default/files/2024-05/SLAC%20New%20Hire%20IT%20Orientation.pdf},
}

